@inproceedings{Joo2014b,
author = {Joo, Jungseock and Li, Weixin and Steen, Francis F. and Zhu, Song Chun},
booktitle = {Proceedings of the IEEE Computer Society Conference on Computer Vision and Pattern Recognition},
doi = {10.1109/CVPR.2014.35},
isbn = {9781479951178},
issn = {10636919},
keywords = {Communicative Intents,Human Attributes,Media Application,Visual Persuasion,Visual Sentiment Analysis},
pages = {216--223},
title = {{Visual persuasion: Inferring communicative intents of images}},
year = {2014}
}

@inproceedings{datta2008algorithmic,
  title={Algorithmic inferencing of aesthetics and emotion in natural images: An exposition},
  author={Datta, Ritendra and Li, Jia and Wang, James Z},
  booktitle={2008 15th IEEE International Conference on Image Processing},
  pages={105--108},
  year={2008},
  organization={IEEE}
}

@inproceedings{huiskes08,
 author = {Mark J. Huiskes and Michael S. Lew},
 title = {The MIR Flickr Retrieval Evaluation},
 booktitle = {MIR '08: Proceedings of the 2008 ACM International Conference on Multimedia Information Retrieval},
 year = {2008},
 location = {Vancouver, Canada},
 publisher = {ACM},
 address = {New York, NY, USA},
 }


@article{viola2004robust,
  title={Robust real-time face detection},
  author={Viola, Paul and Jones, Michael J},
  journal={International journal of computer vision},
  volume={57},
  number={2},
  pages={137--154},
  year={2004},
  publisher={Springer}
}
@inproceedings{predictingPintrest,
 author = {Zhong, Changtao and Karamshuk, Dmytro and Sastry, Nishanth},
 title = {Predicting Pinterest: Automating a Distributed Human Computation},
 booktitle = {Proceedings of the 24th International Conference on World Wide Web},
 series = {WWW '15},
 year = {2015},
 isbn = {978-1-4503-3469-3},
 location = {Florence, Italy},
 pages = {1417--1426},
 numpages = {10},
 url = {http://doi.acm.org/10.1145/2736277.2741671},
 doi = {10.1145/2736277.2741671},
 acmid = {2741671},
 publisher = {ACM},
 address = {New York, NY, USA},
 keywords = {content curation, crowdsourcing, deep learning, image analysis, pinterest, supervised learning, user behaviour},
} 


@article{huang2006natural,
  title={Natural color image enhancement and evaluation algorithm based on human visual system},
  author={Huang, Kai-Qi and Wang, Qiao and Wu, Zhen-Yang},
  journal={Computer Vision and Image Understanding},
  volume={103},
  number={1},
  pages={52--63},
  year={2006},
  publisher={Elsevier}
}

@inproceedings{Hare:2011:OIJ:2072298.2072421,
 author = {Hare, Jonathon S. and Samangooei, Sina and Dupplaw, David P.},
 title = {OpenIMAJ and ImageTerrier: Java libraries and tools for scalable multimedia analysis and indexing of images},
 booktitle = {Proceedings of the 19th ACM international conference on Multimedia},
 series = {MM '11},
 year = {2011},
 isbn = {978-1-4503-0616-4},
 location = {Scottsdale, Arizona, USA},
 pages = {691--694},
 numpages = {4},
 url = {http://doi.acm.org/10.1145/2072298.2072421},
 doi = {10.1145/2072298.2072421},
 acmid = {2072421},
 publisher = {ACM},
 address = {New York, NY, USA},
}

@inproceedings{luo2008photo,
  title={Photo and video quality evaluation: Focusing on the subject},
  author={Luo, Yiwen and Tang, Xiaoou},
  booktitle={European Conference on Computer Vision},
  pages={386--399},
  year={2008},
  organization={Springer}
}

@inproceedings{ke2006design,
  title={The design of high-level features for photo quality assessment},
  author={Ke, Yan and Tang, Xiaoou and Jing, Feng},
  booktitle={2006 IEEE Computer Society Conference on Computer Vision and Pattern Recognition (CVPR'06)},
  volume={1},
  pages={419--426},
  year={2006},
  organization={IEEE}
}


@inproceedings{lartillot2007matlab,
  title={A Matlab toolbox for musical feature extraction from audio},
  author={Lartillot, Olivier and Toiviainen, Petri},
  booktitle={International Conference on Digital Audio Effects},
  pages={237--244},
  year={2007}
}

@article{laurier2009exploring,
  title={Exploring relationships between audio features and emotion in music},
  author={Laurier, Cyril and Lartillot, Olivier and Eerola, Tuomas and Toiviainen, Petri},
  year={2009}
}

@article{reagan2016emotional,
  title={The emotional arcs of stories are dominated by six basic shapes},
  author={Reagan, Andrew J and Mitchell, Lewis and Kiley, Dilan and Danforth, Christopher M and Dodds, Peter Sheridan},
  journal={arXiv preprint arXiv:1606.07772},
  year={2016}
}

@inproceedings{Isola2011,
   author="Phillip Isola and Jianxiong Xiao and Antonio Torralba and Aude Oliva", 
   title="What makes an image memorable?", 
   booktitle="IEEE Conference on Computer Vision and Pattern Recognition (CVPR)", 
   year="2011",
   pages="145-152"
}

@inproceedings{yeh2010personalized,
  title={Personalized photograph ranking and selection system},
  author={Yeh, Che-Hua and Ho, Yuan-Chen and Barsky, Brian A and Ouhyoung, Ming},
  booktitle={Proceedings of the 18th ACM international conference on Multimedia},
  pages={211--220},
  year={2010},
  organization={ACM}
}

@inproceedings{goodfellow2013challenges,
  title={Challenges in representation learning: A report on three machine learning contests},
  author={Goodfellow, Ian J and Erhan, Dumitru and Carrier, Pierre Luc and Courville, Aaron and Mirza, Mehdi and Hamner, Ben and Cukierski, Will and Tang, Yichuan and Thaler, David and Lee, Dong-Hyun and others},
  booktitle={International Conference on Neural Information Processing},
  pages={117--124},
  year={2013},
  organization={Springer}
}

@inproceedings{fontanini2016web,
  title={Web Video Popularity Prediction using Sentiment and Content Visual Features},
  author={Fontanini, Giulia and Bertini, Marco and Del Bimbo, Alberto},
  booktitle={Proceedings of the 2016 ACM on International Conference on Multimedia Retrieval},
  pages={289--292},
  year={2016},
  organization={ACM}
}

@inproceedings{jou2015visual,
  title={Visual affect around the world: A large-scale multilingual visual sentiment ontology},
  author={Jou, Brendan and Chen, Tao and Pappas, Nikolaos and Redi, Miriam and Topkara, Mercan and Chang, Shih-Fu},
  booktitle={Proceedings of the 23rd ACM international conference on Multimedia},
  pages={159--168},
  year={2015},
  organization={ACM}
}

@article{nguyen2016open,
  title={The Open World of Micro-Videos},
  author={Nguyen, Phuc Xuan and Rogez, Gregory and Fowlkes, Charless and Ramamnan, Deva},
  journal={arXiv preprint arXiv:1603.09439},
  year={2016}
}

@article{bonato2016mining,
  title={Mining and modeling character networks},
  author={Bonato, Anthony and D'Angelo, David Ryan and Elenberg, Ethan R and Gleich, David F and Hou, Yangyang},
  journal={arXiv preprint arXiv:1608.00646},
  year={2016}
}

@inproceedings{redi20146,
  title={6 seconds of sound and vision: Creativity in micro-videos},
  author={Redi, Miriam and O'Hare, Neil and Schifanella, Rossano and Trevisiol, Michele and Jaimes, Alejandro},
  booktitle={Proceedings of the IEEE Conference on Computer Vision and Pattern Recognition},
  pages={4272--4279},
  year={2014}
}

@inproceedings{Souza2015,
archivePrefix = {arXiv},
arxivId = {1510.05700},
author = {Souza, Fl{\'{a}}vio and {de Las Casas}, Diego and Flores, Vin{\'{\i}}cius and Youn, SunBum and Cha, Meeyoung and Quercia, Daniele and Almeida, Virg{\'{\i}}lio},
booktitle = {Proceedings of the 2015 ACM on Conference on Online Social Networks - COSN '15},
doi = {10.1145/2817946.2817948},
eprint = {1510.05700},
isbn = {9781450339513},
keywords = {cultural boundaries,instagram,selfies},
pages = {221--231},
title = {{Dawn of the selfie era: The whos, wheres, and hows of selfies on Instagram}},
url = {http://arxiv.org/abs/1510.05700$\backslash$nhttp://dl.acm.org/citation.cfm?doid=2817946.2817948},
year = {2015}
}

@article{Jeni:2012:SEV:2379846.2380033,
 author = {Jeni, L\'{a}Szl\'{o} A. and Lrincz, Andr\'{a}S and Nagy, Tam\'{a}S and Palotai, Zsolt and Sebk, Judit and Szab\'{o}, Zolt\'{a}N and Tak\'{a}Cs, D\'{a}Niel},
 title = {3D Shape Estimation in Video Sequences Provides High Precision Evaluation of Facial Expressions},
 journal = {Image Vision Comput.},
 issue_date = {October, 2012},
 volume = {30},
 number = {10},
 month = oct,
 year = {2012},
 issn = {0262-8856},
 pages = {785--795},
 numpages = {11},
 url = {http://dx.doi.org/10.1016/j.imavis.2012.02.003},
 doi = {10.1016/j.imavis.2012.02.003},
 acmid = {2380033},
 publisher = {Butterworth-Heinemann},
 address = {Newton, MA, USA},
 keywords = {Action unit recognition, BU-4DFE, CK+, Constrained Local Model, Emotion classification, Shape information},
} 

@ARTICLE{kanade, 
author={Y. I. Tian and T. Kanade and J. F. Cohn}, 
journal={IEEE Transactions on Pattern Analysis and Machine Intelligence}, 
title={Recognizing action units for facial expression analysis}, 
year={2001}, 
volume={23}, 
number={2}, 
pages={97-115}, 
keywords={face recognition;feature extraction;image sequences;tracking;AU;FACS;Facial Action Coding System;action unit recognition;anger;automatic facial expression analysis;cheeks;discrete facial features;eyebrows;eyes;facial furrows;fear;frontal-view face image sequence;happiness;image databases;lips;mouth;multistate face models;neutral expression;parametric descriptions;surprise;tracking;Eyes;Face recognition;Facial features;Gold;Humans;Image analysis;Image sequence analysis;Mouth;Prototypes;Transient analysis}, 
doi={10.1109/34.908962}, 
ISSN={0162-8828}, 
month={Feb},}

@inproceedings{Quercia1,
 author = {Quercia, Daniele},
 title = {Urban: Crowdsourcing for the Good of London},
 booktitle = {Proceedings of the 22Nd International Conference on World Wide Web},
 series = {WWW '13 Companion},
 year = {2013},
 isbn = {978-1-4503-2038-2},
 location = {Rio de Janeiro, Brazil},
 pages = {591--592},
 numpages = {2},
 url = {http://doi.acm.org/10.1145/2487788.2488000},
 doi = {10.1145/2487788.2488000},
 acmid = {2488000},
 publisher = {ACM},
 address = {New York, NY, USA},
 keywords = {social media, urban informatics, web science},
} 

@article{jeni20123d,
  title={3D shape estimation in video sequences provides high precision evaluation of facial expressions},
  author={Jeni, L{\'a}szl{\'o} A and L{\H{o}}rincz, Andr{\'a}s and Nagy, Tam{\'a}s and Palotai, Zsolt and Seb{\H{o}}k, Judit and Szab{\'o}, Zolt{\'a}n and Tak{\'a}cs, D{\'a}niel},
  journal={Image and Vision Computing},
  volume={30},
  number={10},
  pages={785--795},
  year={2012},
  publisher={Elsevier}
}

@INPROCEEDINGS{nikhil, 
author={N. Naik and J. Philipoom and R. Raskar and C. Hidalgo}, 
booktitle={Computer Vision and Pattern Recognition Workshops (CVPRW), 2014 IEEE Conference on}, 
title={Streetscore -- Predicting the Perceived Safety of One Million Streetscapes}, 
year={2014}, 
pages={793-799}, 
keywords={feature extraction;geographic information systems;image colour analysis;image resolution;regression analysis;social sciences computing;support vector machines;GIST;Google Streetview;city neighborhoods;color histograms;economic consequences;economists;geometric texton;high resolution maps;image features;perceived safety;scene understanding algorithm;social consequences;social science literature;social scientists;streetscapes;streetscore;support vector regression;urban perception;urban planners;visual appearance;Cities and towns;Feature extraction;Histograms;Image color analysis;Safety;Training;Visualization;internet vision;trueskill;urban computing;urban planning;visual analysis beyond semantics}, 
doi={10.1109/CVPRW.2014.121}, 
month={June},}

@misc{ urbanGems,
author = {Adam Barwell, Daniele Quercia, Jon Crowcroft},
title = "http://www.cam.ac.uk/research/news/how-to
crowdsource-your-happy-space",
year = "2012" }

@inproceedings{SentiBank,
 author = {Borth, Damian and Ji, Rongrong and Chen, Tao and Breuel, Thomas and Chang, Shih-Fu},
 title = {Large-scale Visual Sentiment Ontology and Detectors Using Adjective Noun Pairs},
 booktitle = {Proceedings of the 21st ACM International Conference on Multimedia},
 series = {MM '13},
 year = {2013},
 isbn = {978-1-4503-2404-5},
 location = {Barcelona, Spain},
 pages = {223--232},
 numpages = {10},
 url = {http://doi.acm.org/10.1145/2502081.2502282},
 doi = {10.1145/2502081.2502282},
 acmid = {2502282},
 publisher = {ACM},
 address = {New York, NY, USA},
 keywords = {concept detection, ontology, sentiment prediction, social multimedia},
} 

@inproceedings{Zhao:2015:PCP:2733373.2806354,
 author = {Zhao, Sicheng and Yao, Hongxun and Jiang, Xiaolei},
 title = {Predicting Continuous Probability Distribution of Image Emotions in Valence-Arousal Space},
 booktitle = {Proceedings of the 23rd ACM International Conference on Multimedia},
 series = {MM '15},
 year = {2015},
 isbn = {978-1-4503-3459-4},
 location = {Brisbane, Australia},
 pages = {879--882},
 numpages = {4},
 url = {http://doi.acm.org/10.1145/2733373.2806354},
 doi = {10.1145/2733373.2806354},
 acmid = {2806354},
 publisher = {ACM},
 address = {New York, NY, USA},
 keywords = {gaussian mixture model, image emotion distribution, sparse regression, valence-arousal},
} 

@inproceedings{Campos:2015:DDS:2813524.2813530,
 author = {Campos, Victor and Salvador, Amaia and Giro-i-Nieto, Xavier and Jou, Brendan},
 title = {Diving Deep into Sentiment: Understanding Fine-tuned CNNs for Visual Sentiment Prediction},
 booktitle = {Proceedings of the 1st International Workshop on Affect \&\#38; Sentiment in Multimedia},
 series = {ASM '15},
 year = {2015},
 isbn = {978-1-4503-3750-2},
 location = {Brisbane, Australia},
 pages = {57--62},
 numpages = {6},
 url = {http://doi.acm.org/10.1145/2813524.2813530},
 doi = {10.1145/2813524.2813530},
 acmid = {2813530},
 publisher = {ACM},
 address = {New York, NY, USA},
 keywords = {convolutional neural networks, fine-tuning strategies, sentiment, social multimedia},
} 
@inproceedings{Wang:2015:USA:2832415.2832579,
 author = {Wang, Yilin and Wang, Suhang and Tang, Jiliang and Liu, Huan and Li, Baoxin},
 title = {Unsupervised Sentiment Analysis for Social Media Images},
 booktitle = {Proceedings of the 24th International Conference on Artificial Intelligence},
 series = {IJCAI'15},
 year = {2015},
 isbn = {978-1-57735-738-4},
 location = {Buenos Aires, Argentina},
 pages = {2378--2379},
 numpages = {2},
 url = {http://dl.acm.org/citation.cfm?id=2832415.2832579},
 acmid = {2832579},
 publisher = {AAAI Press},
} 

@INPROCEEDINGS{ESIRSurvey, 
author={Weining Wang and Qianhua He}, 
booktitle={Image Processing, 2008. ICIP 2008. 15th IEEE International Conference on}, 
title={A survey on emotional semantic image retrieval}, 
year={2008}, 
pages={117-120}, 
keywords={emotion recognition;feature extraction;image retrieval;emotion recognition;emotional semantic image retrieval;emotional semantic representation;image feature extraction;Content based retrieval;Emotion recognition;Feature extraction;Helium;Humans;Image analysis;Image color analysis;Image retrieval;Indexing;Information retrieval;emotion recognition;emotional semantics;image retrieval}, 
doi={10.1109/ICIP.2008.4711705}, 
ISSN={1522-4880}, 
month={Oct},}

@article{CBIRSurvey,
title = "A survey of content-based image retrieval with high-level semantics ",
journal = "Pattern Recognition ",
volume = "40",
number = "1",
pages = "262 - 282",
year = "2007",
note = "",
issn = "0031-3203",
doi = "http://dx.doi.org/10.1016/j.patcog.2006.04.045",
url = "http://www.sciencedirect.com/science/article/pii/S0031320306002184",
author = "Ying Liu and Dengsheng Zhang and Guojun Lu and Wei-Ying Ma",
keywords = "Content-based image retrieval",
keywords = "Semantic gap",
keywords = "High-level semantics",
keywords = "Survey "
}

@inproceedings{Machajdik,
 author = {Machajdik, Jana and Hanbury, Allan},
 title = {Affective Image Classification Using Features Inspired by Psychology and Art Theory},
 booktitle = {Proceedings of the 18th ACM International Conference on Multimedia},
 series = {MM '10},
 year = {2010},
 isbn = {978-1-60558-933-6},
 location = {Firenze, Italy},
 pages = {83--92},
 numpages = {10},
 url = {http://doi.acm.org/10.1145/1873951.1873965},
 doi = {10.1145/1873951.1873965},
 acmid = {1873965},
 publisher = {ACM},
 address = {New York, NY, USA},
 keywords = {art theory, emotional semantic image retrieval, image affect, image classification, image features, psychology},
} 

@inproceedings{Video2Text,
 author = {Aradhye, Hrishikesh and Toderici, George and Yagnik, Jay},
 title = {Video2Text: Learning to Annotate Video Content},
 booktitle = {Proceedings of the 2009 IEEE International Conference on Data Mining Workshops},
 series = {ICDMW '09},
 year = {2009},
 isbn = {978-0-7695-3902-7},
 pages = {144--151},
 numpages = {8},
 url = {http://dx.doi.org/10.1109/ICDMW.2009.79},
 doi = {10.1109/ICDMW.2009.79},
 acmid = {1677248},
 publisher = {IEEE Computer Society},
 address = {Washington, DC, USA},
} 

@article{Snoek:2009:CVR:1576259.1576260,
 author = {Snoek, Cees G. M. and Worring, Marcel},
 title = {Concept-Based Video Retrieval},
 journal = {Found. Trends Inf. Retr.},
 issue_date = {April 2008},
 volume = {2},
 number = {4},
 month = apr,
 year = {2009},
 issn = {1554-0669},
 pages = {215--322},
 numpages = {108},
 url = {http://dx.doi.org/10.1561/1500000014},
 doi = {10.1561/1500000014},
 acmid = {1576260},
 publisher = {Now Publishers Inc.},
 address = {Hanover, MA, USA},
} 

@INPROCEEDINGS{6126444, 
author={L. Marchesotti and F. Perronnin and D. Larlus and G. Csurka}, 
booktitle={Computer Vision (ICCV), 2011 IEEE International Conference on}, 
title={Assessing the aesthetic quality of photographs using generic image descriptors}, 
year={2011}, 
pages={1784-1791}, 
keywords={feature extraction;image classification;photography;statistical analysis;binary classification problem;generic image descriptors;hand-crafting features;image quality assessment;low-level local features;photograph aesthetic quality assessment;photographic techniques;statistic aggregation;Accuracy;Feature extraction;Histograms;Image color analysis;Layout;Semantics;Visualization}, 
doi={10.1109/ICCV.2011.6126444}, 
ISSN={1550-5499}, 
month={Nov},}

@inproceedings{goodSelfie,
 author = {Kalayeh, Mahdi M. and Seifu, Misrak and LaLanne, Wesna and Shah, Mubarak},
 title = {How to Take a Good Selfie?},
 booktitle = {Proceedings of the 23rd ACM International Conference on Multimedia},
 series = {MM '15},
 year = {2015},
 isbn = {978-1-4503-3459-4},
 location = {Brisbane, Australia},
 pages = {923--926},
 numpages = {4},
 url = {http://doi.acm.org/10.1145/2733373.2806365},
 doi = {10.1145/2733373.2806365},
 acmid = {2806365},
 publisher = {ACM},
 address = {New York, NY, USA},
 keywords = {recommendation models, selfie, sentiment analysis, social media},
} 

@inproceedings{Khosla:2014,
 author = {Khosla, Aditya and Das Sarma, Atish and Hamid, Raffay},
 title = {What Makes an Image Popular?},
 booktitle = {Proceedings of the 23rd International Conference on World Wide Web},
 series = {WWW '14},
 year = {2014},
 isbn = {978-1-4503-2744-2},
 location = {Seoul, Korea},
 pages = {867--876},
 numpages = {10},
 url = {http://doi.acm.org/10.1145/2566486.2567996},
 doi = {10.1145/2566486.2567996},
 acmid = {2567996},
 publisher = {ACM},
 address = {New York, NY, USA},
 keywords = {deep learning, flickr, images, popularity, regression},
} 

@ARTICLE{7175072, 
author={A. Marcos-Ramiro and D. Pizarro and M. Marron-Romera and D. Gatica-Perez}, 
journal={IEEE Transactions on Multimedia}, 
title={Let Your Body Speak: Communicative Cue Extraction on Natural Interaction Using RGBD Data}, 
year={2015}, 
volume={17}, 
number={10}, 
pages={1721-1732}, 
keywords={employment;feature extraction;image colour analysis;social sciences computing;Kinect devices;RGBD data;action recognition;communicative cue extraction;employment interviews;natural interaction;social interaction;Cameras;Face;Feature extraction;Image color analysis;Image segmentation;Sensors;Markerless motion capture;nonverbal cues;rgb-d fusion;social interaction}, 
doi={10.1109/TMM.2015.2464152}, 
ISSN={1520-9210}, 
month={Oct},}

@INPROCEEDINGS{670980, 
author={J. J. Lien and T. Kanade and J. F. Cohn and Ching-Chung Li}, 
booktitle={Automatic Face and Gesture Recognition, 1998. Proceedings. Third IEEE International Conference on}, 
title={Automated facial expression recognition based on FACS action units}, 
year={1998}, 
pages={390-395}, 
keywords={computer vision;face recognition;feature extraction;hidden Markov models;image coding;user interfaces;FACS action units;Facial Action Coding System;action unit combinations;automated facial expression recognition;computer vision research;computer vision system;dense flow tracking;facial expression;facial expression information extraction;facial feature point tracking;furrow detection;hidden Markov models;high gradient component detection;human-computer interaction;individual action units;lower face action;principal component analysis;psychological phenomena;upper face;upper face expressions;Computational Intelligence Society;Computer vision;Face detection;Face recognition;Humans;Image motion analysis;Image recognition;Neutron spin echo;Principal component analysis;Psychology}, 
doi={10.1109/AFGR.1998.670980}, 
month={Apr},}

@ARTICLE{FACS,
author={P. Ekman and W. V. Friesen},
journal={Consulting Psychologists Press Inc. San Francisco CA},
title={The Facial Action Coding System},
year={1978}
}

@inproceedings{1027968,
 author = {Busso, Carlos and Deng, Zhigang and Yildirim, Serdar and Bulut, Murtaza and Lee, Chul Min and Kazemzadeh, Abe and Lee, Sungbok and Neumann, Ulrich and Narayanan, Shrikanth},
 title = {Analysis of Emotion Recognition Using Facial Expressions, Speech and Multimodal Information},
 booktitle = {Proceedings of the 6th International Conference on Multimodal Interfaces},
 series = {ICMI '04},
 year = {2004},
 isbn = {1-58113-995-0},
 location = {State College, PA, USA},
 pages = {205--211},
 numpages = {7},
 url = {http://doi.acm.org/10.1145/1027933.1027968},
 doi = {10.1145/1027933.1027968},
 acmid = {1027968},
 publisher = {ACM},
 address = {New York, NY, USA},
 keywords = {PCA, SVC, affective states, decision level fusion, emotion recognition, feature level fusion, human-computer interaction (HCI), speech, vision},
} 

@INPROCEEDINGS{5771366, 
author={A. Dhall and A. Asthana and R. Goecke and T. Gedeon}, 
booktitle={Automatic Face Gesture Recognition and Workshops (FG 2011), 2011 IEEE International Conference on}, 
title={Emotion recognition using PHOG and LPQ features}, 
year={2011}, 
pages={878-883}, 
keywords={emotion recognition;feature extraction;image classification;image sequences;pattern clustering;support vector machines;LPQ features;PHOG;SSPNET GEMEP-FERA dataset;appearance features extraction;automatic emotion recognition;constraint local model;emotion classification;face tracking;image sequences;k-means clustering;largest margin nearest neighbour;local phase quantisation features;pyramid of histogram of gradient extraction;shape vectors;support vector machine;Accuracy;Databases;Face;Feature extraction;Image sequences;Shape;Support vector machines}, 
doi={10.1109/FG.2011.5771366}, 
month={March},}

@article{Hinton:2006,
 author = {Hinton, Geoffrey E. and Osindero, Simon and Teh, Yee-Whye},
 title = {A Fast Learning Algorithm for Deep Belief Nets},
 journal = {Neural Comput.},
 issue_date = {July 2006},
 volume = {18},
 number = {7},
 month = jul,
 year = {2006},
 issn = {0899-7667},
 pages = {1527--1554},
 numpages = {28},
 url = {http://dx.doi.org/10.1162/neco.2006.18.7.1527},
 doi = {10.1162/neco.2006.18.7.1527},
 acmid = {1161605},
 publisher = {MIT Press},
 address = {Cambridge, MA, USA},
} 

@article{pappas2016multilingual,
  title={Multilingual visual sentiment concept matching},
  author={Pappas, Nikolaos and Redi, Miriam and Topkara, Mercan and Jou, Brendan and Liu, Hongyi and Chen, Tao and Chang, Shih-Fu},
  journal={arXiv preprint arXiv:1606.02276},
  year={2016}
}

@ARTICLE{Hinton2,
author={G.E. Hinton and R.R. Salakhutdinov},
journal={Science},
title={ Reducing the Dimensionality of Data with Neural Networks },
year={2006},
month=jul,
volumn={313},
number={5786},
pages={504 - 507}
}
