

@inproceedings{herbrich2007trueskill,
	title={TrueSkillâ„¢: a Bayesian skill rating system},
	author={Herbrich, Ralf and Minka, Tom and Graepel, Thore},
	booktitle={Advances in neural information processing systems},
	pages={569--576},
	year={2007}
}


@inproceedings{naik2014streetscore,
	title={Streetscore-predicting the perceived safety of one million streetscapes},
	author={Naik, Nikhil and Philipoom, Jade and Raskar, Ramesh and Hidalgo, C{\'e}sar},
	booktitle={Proceedings of the IEEE Conference on Computer Vision and Pattern Recognition Workshops},
	pages={779--785},
	year={2014}
}

@article{dubey2016deep,
	title={Deep learning the city: Quantifying urban perception at a global scale},
	author={Dubey, Abhimanyu and Naik, Nikhil and Parikh, Devi and Raskar, Ramesh and Hidalgo, C{\'e}sar A},
	journal={arXiv preprint arXiv:1608.01769},
	year={2016}
}

@inproceedings{nguyen2016synthesizing,
	title={Synthesizing the preferred inputs for neurons in neural networks via deep generator networks},
	author={Nguyen, Anh and Dosovitskiy, Alexey and Yosinski, Jason and Brox, Thomas and Clune, Jeff},
	booktitle={Advances in Neural Information Processing Systems},
	pages={3387--3395},
	year={2016}
}

@article{salesses2013collaborative,
	title={The collaborative image of the city: mapping the inequality of urban perception},
	author={Salesses, Philip and Schechtner, Katja and Hidalgo, C{\'e}sar A},
	journal={PloS one},
	volume={8},
	number={7},
	pages={e68400},
	year={2013},
	publisher={Public Library of Science}
}



@inproceedings{fontanini2016web,
	Author = {Fontanini, Giulia and others},
	Booktitle = {Proceedings of the 2016 ACM on ICMR},
	Organization = {ACM},
	Pages = {289--292},
	Title = {Web Video Popularity Prediction using Sentiment and Content Visual Features},
	Year = {2016}
}


@inproceedings{Joo2014b,
	Author = {Joo, Jungseock and others},
	Booktitle = {Proceedings of the IEEE CVPR },
	Doi = {10.1109/CVPR.2014.35},
	Isbn = {9781479951178},
	Issn = {10636919},
	Keywords = {Communicative Intents,Human Attributes,Media Application,Visual Persuasion,Visual Sentiment Analysis},
	Pages = {216--223},
	Title = {{Visual persuasion: Inferring communicative intents of images}},
	Year = {2014},
	Bdsk-Url-1 = {http://dx.doi.org/10.1109/CVPR.2014.35}

}

@inproceedings{datta2008algorithmic,
	Author = {Datta, Ritendra and others},
	Booktitle = {2008 15th IEEE ICIP },
	Organization = {IEEE},
	Pages = {105--108},
	Title = {Algorithmic inferencing of aesthetics and emotion in natural images: An exposition},
	Year = {2008}
}

@inproceedings{khosla2014makes,
	Author = {Khosla, Aditya and others},
	Booktitle = {Proceedings of the 23rd WWW},
	Organization = {International World Wide Web Conferences Steering Committee},
	Pages = {867--876},
	Title = {What makes an image popular?},
	Year = {2014}}

@inproceedings{wang2015inferring,
	Author = {Wang, Yilin and others},
	Booktitle = {Ninth ICWSM},
	Title = {Inferring Sentiment from Web Images with Joint Inference on Visual and Social Cues: A Regulated Matrix Factorization Approach},
	Year = {2015}}

@inproceedings{Isola2011,
	Author = {Phillip Isola and others},
	Booktitle = {IEEE CVPR},
	Pages = {145-152},
	Title = {What makes an image memorable?},
	Year = {2011}}

@inproceedings{jou2015visual,
	Author = {Jou, Brendan and others},
	Booktitle = {Proceedings of the 23rd ACM MM },
	Organization = {ACM},
	Pages = {159--168},
	Title = {Visual affect around the world: A large-scale multilingual visual sentiment ontology},
	Year = {2015}}

@inproceedings{schifanella2016detecting,
	Author = {Schifanella, Rossano and others},
	Booktitle = {Proceedings of the 2016 ACM MM },
	Organization = {ACM},
	Pages = {1136--1145},
	Title = {Detecting Sarcasm in Multimodal Social Platforms},
	Year = {2016}}

@inproceedings{redi20146,
	Author = {Redi, Miriam and Others},
	Booktitle = {Proceedings of the IEEE CVPR},
	Pages = {4272--4279},
	Title = {6 seconds of sound and vision: Creativity in micro-videos},
	Year = {2014}}


@inproceedings{schifanella2015image,
	Author = {Rossano Schifanella and others},
	Booktitle = {Proceedings of THE 9TH ICWSM 2015},
	Title = {An Image is Worth More than a Thousand Favorites: Surfacing the Hidden Beauty of Flickr Pictures},
	Year = {2015}}

@inproceedings{Wang:2015:USA:2832415.2832579,
	Acmid = {2832579},
	Author = {Wang, Yilin and others},
	Booktitle = {Proceedings of the 24th International Conference on Artificial Intelligence},
	Isbn = {978-1-57735-738-4},
	Publisher = {AAAI Press},
	Series = {IJCAI'15},
	Title = {Unsupervised Sentiment Analysis for Social Media Images},
	Url = {http://dl.acm.org/citation.cfm?id=2832415.2832579},
	Year = {2015},
	Bdsk-Url-1 = {http://dl.acm.org/citation.cfm?id=2832415.2832579}}

@inproceedings{goodfellow2014generative,
	title={Generative adversarial nets},
	author={Goodfellow, Ian and Pouget-Abadie, Jean and Mirza, Mehdi and Xu, Bing and Warde-Farley, David and Ozair, Sherjil and Courville, Aaron and Bengio, Yoshua},
	booktitle={Advances in neural information processing systems},
	pages={2672--2680},
	year={2014}
}

@inproceedings{zhou2014learning,
	title={Learning deep features for scene recognition using places database},
	author={Zhou, Bolei and Lapedriza, Agata and Xiao, Jianxiong and Torralba, Antonio and Oliva, Aude},
	booktitle={Advances in neural information processing systems},
	pages={487--495},
	year={2014}
}

@inproceedings{dosovitskiy2016inverting,
	title={Inverting visual representations with convolutional networks},
	author={Dosovitskiy, Alexey and Brox, Thomas},
	booktitle={Proceedings of the IEEE Conference on Computer Vision and Pattern Recognition},
	pages={4829--4837},
	year={2016}
}

