@inproceedings{Joo2014b,
author = {Joo, Jungseock and Li, Weixin and Steen, Francis F. and Zhu, Song Chun},
booktitle = {Proceedings of the IEEE Computer Society Conference on Computer Vision and Pattern Recognition},
doi = {10.1109/CVPR.2014.35},
isbn = {9781479951178},
issn = {10636919},
keywords = {Communicative Intents,Human Attributes,Media Application,Visual Persuasion,Visual Sentiment Analysis},
pages = {216--223},
title = {{Visual persuasion: Inferring communicative intents of images}},
year = {2014}
}

@inproceedings{Souza2015,
archivePrefix = {arXiv},
arxivId = {1510.05700},
author = {Souza, Fl{\'{a}}vio and {de Las Casas}, Diego and Flores, Vin{\'{\i}}cius and Youn, SunBum and Cha, Meeyoung and Quercia, Daniele and Almeida, Virg{\'{\i}}lio},
booktitle = {Proceedings of the 2015 ACM on Conference on Online Social Networks - COSN '15},
doi = {10.1145/2817946.2817948},
eprint = {1510.05700},
isbn = {9781450339513},
keywords = {cultural boundaries,instagram,selfies},
pages = {221--231},
title = {{Dawn of the selfie era: The whos, wheres, and hows of selfies on Instagram}},
url = {http://arxiv.org/abs/1510.05700$\backslash$nhttp://dl.acm.org/citation.cfm?doid=2817946.2817948},
year = {2015}
}

@article{Jeni:2012:SEV:2379846.2380033,
 author = {Jeni, L\'{a}Szl\'{o} A. and Lrincz, Andr\'{a}S and Nagy, Tam\'{a}S and Palotai, Zsolt and Sebk, Judit and Szab\'{o}, Zolt\'{a}N and Tak\'{a}Cs, D\'{a}Niel},
 title = {3D Shape Estimation in Video Sequences Provides High Precision Evaluation of Facial Expressions},
 journal = {Image Vision Comput.},
 issue_date = {October, 2012},
 volume = {30},
 number = {10},
 month = oct,
 year = {2012},
 issn = {0262-8856},
 pages = {785--795},
 numpages = {11},
 url = {http://dx.doi.org/10.1016/j.imavis.2012.02.003},
 doi = {10.1016/j.imavis.2012.02.003},
 acmid = {2380033},
 publisher = {Butterworth-Heinemann},
 address = {Newton, MA, USA},
 keywords = {Action unit recognition, BU-4DFE, CK+, Constrained Local Model, Emotion classification, Shape information},
} 

@ARTICLE{kanade, 
author={Y. I. Tian and T. Kanade and J. F. Cohn}, 
journal={IEEE Transactions on Pattern Analysis and Machine Intelligence}, 
title={Recognizing action units for facial expression analysis}, 
year={2001}, 
volume={23}, 
number={2}, 
pages={97-115}, 
keywords={face recognition;feature extraction;image sequences;tracking;AU;FACS;Facial Action Coding System;action unit recognition;anger;automatic facial expression analysis;cheeks;discrete facial features;eyebrows;eyes;facial furrows;fear;frontal-view face image sequence;happiness;image databases;lips;mouth;multistate face models;neutral expression;parametric descriptions;surprise;tracking;Eyes;Face recognition;Facial features;Gold;Humans;Image analysis;Image sequence analysis;Mouth;Prototypes;Transient analysis}, 
doi={10.1109/34.908962}, 
ISSN={0162-8828}, 
month={Feb},}

@inproceedings{Quercia1,
 author = {Quercia, Daniele},
 title = {Urban: Crowdsourcing for the Good of London},
 booktitle = {Proceedings of the 22Nd International Conference on World Wide Web},
 series = {WWW '13 Companion},
 year = {2013},
 isbn = {978-1-4503-2038-2},
 location = {Rio de Janeiro, Brazil},
 pages = {591--592},
 numpages = {2},
 url = {http://doi.acm.org/10.1145/2487788.2488000},
 doi = {10.1145/2487788.2488000},
 acmid = {2488000},
 publisher = {ACM},
 address = {New York, NY, USA},
 keywords = {social media, urban informatics, web science},
} 

@article{jeni20123d,
  title={3D shape estimation in video sequences provides high precision evaluation of facial expressions},
  author={Jeni, L{\'a}szl{\'o} A and L{\H{o}}rincz, Andr{\'a}s and Nagy, Tam{\'a}s and Palotai, Zsolt and Seb{\H{o}}k, Judit and Szab{\'o}, Zolt{\'a}n and Tak{\'a}cs, D{\'a}niel},
  journal={Image and Vision Computing},
  volume={30},
  number={10},
  pages={785--795},
  year={2012},
  publisher={Elsevier}
}

@INPROCEEDINGS{nikhil, 
author={N. Naik and J. Philipoom and R. Raskar and C. Hidalgo}, 
booktitle={Computer Vision and Pattern Recognition Workshops (CVPRW), 2014 IEEE Conference on}, 
title={Streetscore -- Predicting the Perceived Safety of One Million Streetscapes}, 
year={2014}, 
pages={793-799}, 
keywords={feature extraction;geographic information systems;image colour analysis;image resolution;regression analysis;social sciences computing;support vector machines;GIST;Google Streetview;city neighborhoods;color histograms;economic consequences;economists;geometric texton;high resolution maps;image features;perceived safety;scene understanding algorithm;social consequences;social science literature;social scientists;streetscapes;streetscore;support vector regression;urban perception;urban planners;visual appearance;Cities and towns;Feature extraction;Histograms;Image color analysis;Safety;Training;Visualization;internet vision;trueskill;urban computing;urban planning;visual analysis beyond semantics}, 
doi={10.1109/CVPRW.2014.121}, 
month={June},}

@misc{ urbanGems,
author = {Adam Barwell, Daniele Quercia, Jon Crowcroft},
title = "http://www.cam.ac.uk/research/news/how-to
crowdsource-your-happy-space",
year = "2012" }